<record><leader>00000cas a22000007a 4500</leader><controlfield tag="001">23467807</controlfield><controlfield tag="008">910415c19uu9999nyumr ne      0   a0eng d</controlfield><datafield ind1=" " ind2=" " tag="010"><subfield code="a">sn 91002752 </subfield></datafield><datafield ind1=" " ind2=" " tag="040"><subfield code="a">NSD</subfield><subfield code="b">eng</subfield><subfield code="c">NSD</subfield><subfield code="d">OCLCQ</subfield></datafield><datafield ind1=" " ind2=" " tag="012"><subfield code="l">1</subfield></datafield><datafield ind1="0" ind2=" " tag="022"><subfield code="a">1055-9132</subfield><subfield code="l">1055-9132</subfield><subfield code="2">1</subfield></datafield><datafield ind1=" " ind2=" " tag="037"><subfield code="b">The Advocate/Monsey Voice, 22 Main St., Monsey, NY 10952</subfield></datafield><datafield ind1="0" ind2=" " tag="041"><subfield code="a">engyid</subfield></datafield><datafield ind1=" " ind2=" " tag="042"><subfield code="a">nsdp</subfield><subfield code="a">msc</subfield></datafield><datafield ind1="1" ind2="0" tag="082"><subfield code="a">071</subfield><subfield code="2">12</subfield></datafield><datafield ind1="0" ind2=" " tag="210"><subfield code="a">Advocate/Monsey voice</subfield></datafield><datafield ind1=" " ind2="4" tag="222"><subfield code="a">The Advocate/Monsey voice</subfield></datafield><datafield ind1="0" ind2="4" tag="245"><subfield code="a">The Advocate/Monsey voice =</subfield><subfield code="b">Kol&#803; Monsi/Der advo&#803;ka&#803;t.&#803;</subfield></datafield><datafield ind1="3" ind2="0" tag="246"><subfield code="a">Monsey voice</subfield></datafield><datafield ind1="3" ind2="0" tag="246"><subfield code="a">Advocate</subfield></datafield><datafield ind1="3" ind2="0" tag="246"><subfield code="a">Monsi</subfield></datafield><datafield ind1="3" ind2="0" tag="246"><subfield code="a">Advo&#803;ka&#803;t &#803;</subfield></datafield><datafield ind1="1" ind2="5" tag="246"><subfield code="a">Kol&#803; Monsi/Der advo&#803;ka&#803;t &#803;</subfield></datafield><datafield ind1=" " ind2=" " tag="260"><subfield code="a">Monsey, NY :</subfield><subfield code="b">Rockland Community Development Center</subfield></datafield><datafield ind1=" " ind2=" " tag="300"><subfield code="a">v.</subfield></datafield><datafield ind1=" " ind2=" " tag="310"><subfield code="a">Monthly</subfield></datafield><datafield ind1=" " ind2=" " tag="546"><subfield code="a">In English and Yiddish.</subfield></datafield><datafield ind1=" " ind2=" " tag="588"><subfield code="a">Description based on: Vol. 6, no. 3 (Mar. 12, 1991).</subfield></datafield><datafield ind1=" " ind2=" " tag="752"><subfield code="a">United States</subfield><subfield code="b">New York</subfield><subfield code="c">Rockland</subfield><subfield code="d">Monsey.</subfield></datafield><datafield ind1="1" ind2=" " tag="029"><subfield code="a">AU@</subfield><subfield code="b">000025855138</subfield></datafield></record>